@article{ng1,
  title={Assessment of detonation hazards in high-pressure hydrogen storage from chemical sensitivity analysis},
  author={Ng, Hoi Dick and Ju, Yiguang and Lee, John H. S.},
  journal={International Journal of Hydrogen Energy},
  volume={32},
  number={1},
  pages={93--99},
  year={2007},
  publisher={Elsevier}
}

@manual{cea, 
 author = {Gordon, Sanford and McBride, Bonnie J.},
 organization = {NASA Glenn Research Center}, 
 note = {{NASA Reference Publictaion 1311}},
 month = {October},
 title = {{Computer Program for Calculation of Complex Chemical Equilibrium Compositions and Applications}},
 address  = {\url{http://www.grc.nasa.gov/WWW/CEAWeb/ceaHome.htm}},
 year = {1994}
}

@article{zeleznik,
  title={Calculation of detonation properties and effect of independent parameters on gaseous detonations},
  author={Zeleznik, Frank J.},
  journal={ARS Journal},
  volume={32},
  number={4},
  pages={606--615},
  year={1962}
}

@techreport{schultz,
  title={Validation of detailed reaction mechanisms for detonation simulation},
  author={Schultz, Eric and Shepherd, Joseph E.},
  year={2000},
	month={February},
  institution={Graduate Aeronautical Laboratories},
	type={Explosion Dynamics Laboratory Report},
	number={FM99-5},
	address={California Institute of Technology,Pasadena, CA 91125, USA}
}

@article{ng2,
  title={Numerical investigation of the instability for one-dimensional Chapman--Jouguet detonations with chain-branching kinetics},
  author={Ng, Hoi Dick and Radulescu, Matei I. and Higgins, Andrew J. and Nikiforakis, Nikos and Lee, John. H. S.},
  journal={Combustion Theory and Modelling},
  volume={9},
  number={3},
  pages={385--401},
  year={2005},
  publisher={Taylor \& Francis}
}

@manual{burke,
	title			= {Comprehensive H2/O2 Kinetic Model for High-Pressure Combustion},
	author		= {Michael P. Burke and Marcos Chaos and Yiguang Ju and Frederick L. Dryer and Stephen J. Klippenstein},
	year			= {2011},
	organization = {Department of Mechanical and Aerospace Engineering},
	adress		= {Princeton University,Princeton, NJ 08544, USA},
	month			= {July}
}

@book{deto_phen,
		title		= {The Detonation Phenomenon},
		author	= {Lee, {John H.\,S.}},
		publisher={Cambridge University Press},
		year		= {2008},
		adress	= {The Edinburgh Building, Cambridge CB2 8RU, UK},
		ISBN		= {978-0-511-41392-6},
 }

@article{wood,
  title={{Analysis of Steady-State Supported One-Dimensional Detonations and Shocks}},
  author={Wood, William W. and Salsburg, Zevi W.},
  journal={Physics of Fluids (1958-1988)},
  volume={3},
  number={4},
  pages={549--566},
  year={1960},
  publisher={AIP Publishing}
}

@techreport{kao,
	title = {{Numerical Solution Methods for Control Volume Explosions and ZND Detonation Structure}},
	author = {Kao, S. and Shepherd, Joseph E.}, 
	institution = {Aeronautics and Mechanical Engineering, California Institute of Technology}, 
	year = 2008,
	type = {GALCIT Report FM2006.007},
	month = {September}
}